@INPROCEEDINGS{poole:chh,
	AUTHOR = "Erika Shehan Poole and Marshini Chetty and Tom Morgan and Rebecca E Grinter and W Keith Edwards",
	TITLE = "Computer help at home: methods and motivations for informal technical support",
	BOOKTITLE = "Proceedings of the SIGCHI Conference on Human Factors in Computing Systems",
	PAGES = "739-748",
	ORGANIZATION = "ACM",
	MONTH = "April", 
	YEAR = {2009}	}
	
@book{deci1985intrinsic,
  title={Intrinsic motivation and self-determination in human behavior},
  author={Deci, Edward L and Ryan, Richard M},
  year={1985},
  publisher={Springer Science \& Business Media}
}
@article{lee2015:relating,
  title={Relating motivation to information and communication technology acceptance: Self-determination theory perspective},
  author={Lee, Younghwa and Lee, Jintae and Hwang, Yujong},
  journal={Computers in Human Behavior},
  volume={51},
  pages={418--428},
  year={2015},
  publisher={Elsevier}
}
@article{arteaga2010:persuasive,
  title={Persuasive mobile exercise companion for teenagers with weight management issues},
  author={Arteaga, Sonia},
  journal={ACM SIGACCESS Accessibility and Computing},
  number={96},
  pages={4--10},
  year={2010},
  publisher={ACM}
}

@article{lister2014:just,
  title={Just a fad? Gamification in health and fitness apps},
  author={Lister, Cameron and West, Joshua H and Cannon, Ben and Sax, Tyler and Brodegard, David},
  journal={JMIR serious games},
  volume={2},
  number={2},
  pages={e9},
  year={2014},
  publisher={JMIR Publications Inc., Toronto, Canada}
}
@article{ryan2000:self,
  title={Self-determination theory and the facilitation of intrinsic motivation, social development, and well-being.},
  author={Ryan, Richard M and Deci, Edward L},
  journal={American psychologist},
  volume={55},
  number={1},
  pages={68},
  year={2000},
  publisher={American Psychological Association}
}

@article{power2011:obesity,
  title={Obesity, cardiovascular fitness, and physically active adolescentsâ€™ motivations for activity: A self-determination theory approach},
  author={Power, Thomas G and Ullrich-French, Sarah C and Steele, Michael M and Daratha, Kenn B and Bindler, Ruth C},
  journal={Psychology of Sport and Exercise},
  volume={12},
  number={6},
  pages={593--598},
  year={2011},
  publisher={Elsevier}
}
@article{webb2013:self,
  title={Self-determination theory and consumer behavioural change: Evidence from a household energy-saving behaviour study},
  author={Webb, Dave and Soutar, Geoffrey N and Mazzarol, Tim and Saldaris, Patricia},
  journal={Journal of Environmental Psychology},
  volume={35},
  pages={59--66},
  year={2013},
  publisher={Elsevier}
}
@article{seaborn2015:gamification,
  title={Gamification in theory and action: A survey},
  author={Seaborn, Katie and Fels, Deborah I},
  journal={International Journal of Human-Computer Studies},
  volume={74},
  pages={14--31},
  year={2015},
  publisher={Elsevier}
}

@article{yee2006:motivations,
  title={Motivations for play in online games},
  author={Yee, Nick},
  journal={CyberPsychology \& behavior},
  volume={9},
  number={6},
  pages={772--775},
  year={2006},
  publisher={Mary Ann Liebert, Inc. 2 Madison Avenue Larchmont, NY 10538 USA}
}
@article{neys2014:exploring,
  title={Exploring persistence in gaming: The role of self-determination and social identity},
  author={Neys, Joyce LD and Jansz, Jeroen and Tan, Ed SH},
  journal={Computers in Human Behavior},
  volume={37},
  pages={196--209},
  year={2014},
  publisher={Elsevier}
}


@inproceedings{orji2013:tailoring,
  title={Tailoring persuasive health games to gamer type},
  author={Orji, Rita and Mandryk, Regan L and Vassileva, Julita and Gerling, Kathrin M},
  booktitle={Proceedings of the SIGCHI Conference on Human Factors in Computing Systems},
  pages={2467--2476},
  year={2013},
  organization={ACM}
}


@article{williams2006:testing,
  title={Testing a self-determination theory intervention for motivating tobacco cessation: supporting autonomy and competence in a clinical trial.},
  author={Williams, Geoffrey C and McGregor, Holly A and Sharp, Daryl and Levesque, Chantal and Kouides, Ruth W and Ryan, Richard M and Deci, Edward L},
  journal={Health Psychology},
  volume={25},
  number={1},
  pages={91},
  year={2006},
  publisher={American Psychological Association}
}
@inproceedings{wiklund2009:needs,
  title={What needs tell us about user experience},
  author={Wiklund-Engblom, Annika and Hassenzahl, Marc and Bengs, Anette and Sperring, Susanne},
  booktitle={IFIP Conference on Human-Computer Interaction},
  pages={666--669},
  year={2009},
  organization={Springer}
}
@article{nicholson2012:user,
  title={A user-centered theoretical framework for meaningful gamification},
  author={Nicholson, Scott},
  journal={Games+ Learning+ Society},
  volume={8},
  number={1},
  pages={223--230},
  year={2012}
}

@article{partala2012:understanding,
  title={Understanding the most satisfying and unsatisfying user experiences: Emotions, psychological needs, and context},
  author={Partala, Timo and Kallinen, Aleksi},
  journal={Interacting with computers},
  volume={24},
  number={1},
  pages={25--34},
  year={2012},
  publisher={Oxford University Press}
}


	
@incollection{silva2014:smartphones,
  TITLE="Smartphones, smart seniors, but not-so-smart apps: A heuristic evaluation of fitness apps",
  AUTHOR="Paula Alexandra Silva and Kelly Holden and Aska Nii",
  BOOKTITLE="Foundations of Augmented Cognition. Advancing Human Performance and Decision-Making through Adaptive Systems",
  PAGES="347-358",
  YEAR={2014},
  PUBLISHER="Springer"
}
@inproceedings{mekler2013:points,
  title="Do points, levels and leaderboards harm intrinsic motivation?: an empirical analysis of common gamification elements",
  author="Elisa D Mekler and Florian Br{\"u}hlmann and Klaus Opwis and Alexandre N Tuch",
  booktitle="Proceedings of the First International Conference on gameful design, research, and applications",
  pages="66-73",
  year={2013},
  organization="ACM"
}

@inproceedings{mekler2013:disassembling,
  title="Disassembling gamification: the effects of points and meaning on user motivation and performance",
  author={Elisa D Mekler and Florian Br{\"u}hlmann and Klaus Opwis and Alexandre N Tuch},
  booktitle="CHI'13 extended abstracts on human factors in computing systems",
  pages="1137-1142",
  year={2013},
  organization="ACM"
}

@inproceedings{crowley2012:gamification,
  title="Gamification of citizen sensing through mobile social reporting",
  author="David N Crowley and John G Breslin and Peter Corcoran and Karen Young",
  booktitle="Games Innovation Conference (IGIC), 2012 IEEE International",
  pages="1-5",
  year={2012},
  organization="IEEE"
}

@inproceedings{cechanowicz2013:effects,
  title="Effects of gamification on participation and data quality in a real-world market research domain",
  author="Jared Cechanowicz and Carl Gutwin and Briana Brownell and Larry Goodfellow",
  booktitle="Proceedings of the First International Conference on Gameful Design, Research, and Applications",
  pages="58-65",
  year={2013},
  organization="ACM"
}

@article{sailer2013:psychological,
  title="Psychological Perspectives on Motivation through Gamification.",
  author="Michael Sailer and Jan Hense and Heinz Mandl and Markus Klevers",
  journal="Interaction Design and Architecture(s)",
  volume={19},
  pages={28-37},
  year={2013}
}

@ARTICLE{kiesler:twi,
	AUTHOR = "Sara Kiesler and Bozena Zdaniuk and Vicki Lundmark and Robert Kraut",
	TITLE = "Troubles with the Internet: The dynamics of help at home",
	JOURNAL = "Human-Computer Interaction",
	VOLUME = {15},
	NUMBER = {4},
	PAGES = {323-351},
	MONTH = "December",
	YEAR = {2000}	}

@INPROCEEDINGS{deterding2011:situated,
  TITLE="Situated motivational affordances of game elements: A conceptual model",
  AUTHOR="Sebastian Deterding",
  BOOKTITLE="Gamification: Using Game Design Elements in Non-Gaming Contexts, a workshop at CHI",
  YEAR={2011}
}

@ARTICLE{ryan2006:motivationalpull,
  TITLE="The motivational pull of video games: A self-determination theory approach",
  AUTHOR="Richard M Ryan and C Scott Rigby and Andrew Przybylski",
  JOURNAL="Motivation and emotion",
  VOLUME={30},
  NUMBER={4},
  PAGES="344-360",
  YEAR={2006},
  PUBLISHER={Springer}
}

	
@INPROCEEDINGS{li2012:personal,
  TITLE="Personal informatics in practice: improving quality of life through data",
  AUTHOR="Ian Li and Yevgeniy Medynskiy and Jon Froehlich and Jakob Larsen",
  BOOKTITLE="CHI'12 Extended Abstracts on Human Factors in Computing Systems",
  PAGES="2799-2802",
  YEAR={2012},
  ORGANIZATION="ACM"
}

@INPROCEEDINGS{li2011:personal,
  TITLE="Personal informatics and HCI: design, theory, and social implications",
  AUTHOR="Ian Li and Anind Dey and Jodi Forlizzi and Kristina H{\"o}{\"o}k and Yevgeniy Medynskiy",
  BOOKTITLE="CHI'11 Extended Abstracts on Human Factors in Computing Systems",
  PAGES="2417-2420",
  YEAR={2011},
  ORGANIZATION="ACM"
}

@INPROCEEDINGS{li2011:understanding,
  TITLE="Understanding my data, myself: supporting self-reflection with ubicomp technologies",
  AUTHOR="Ian Li and Anind K Dey and Jodi Forlizzi",
  BOOKTITLE="Proceedings of the 13th international conference on Ubiquitous computing",
  PAGES="405-414",
  YEAR={2011},
  ORGANIZATION="ACM"
}
@INPROCEEDINGS{klasnja2009:using,
  TITLE="Using mobile \& personal sensing technologies to support health behavior change in everyday life: lessons learned.",
  AUTHOR="Predrag V Klasnja and Sunny Consolvo and David W McDonald and James A Landay and Wanda Pratt",
  BOOKTILE={AMIA},
  YEAR={2009},
  ORGANIZATION={Citeseer}
}

@incollection{lin2006:fish,
  TITLE="Fish'n'Steps: Encouraging physical activity with an interactive computer game",
  AUTHOR="James J Lin and Lena Mamykina and Silvia Lindtner,  and Gregory Delajoux and Henry B Strub",
  BOOKTITLE="UbiComp 2006: Ubiquitous Computing",
  PAGES={261-278},
  YEAR={2006},
  PUBLISHER="Springer"
}

@ARTICLE{comber2013:designing,
  TITLE="Designing beyond habit: opening space for improved recycling and food waste behaviors through processes of persuasion, social influence and aversive affect",
  AUTHOR="Rob Comber and Anja Thieme",
  JOURNAL="Personal and ubiquitous computing",
  VOLUME={17},
  NUMBER={6},
  PAGES={1197-1210},
  YEAR={2013},
  PUBLISHER="Springer"
}
@BOOK{deci1985:intrinsic,
  TITLE="Intrinsic motivation and self-determination in human behavior",
  AUTHOR="Edward L Deci and Richard M Ryan",
  YEAR={1985},
  PUBLISHER="Springer Science \& Business Media"
}
@ARTICLE{zhang2008:motivational,
 TITLE="Technical opinion Motivational affordances: reasons for ICT design and use",
  AUTHOR="Ping Zhang",
  JOURNAL="Communications of the ACM",
  VOLUME={51},
  NUMBER={11},
  PAGES={145-147},
  YEAR={2008},
  PUBLISHER={ACM}
}
@inproceedings{li2010:stage,
  title="A stage-based model of personal informatics systems",
  author="Ian Li and Anind Dey and Jodi Forlizzi",
  booktitle="Proceedings of the SIGCHI Conference on Human Factors in Computing Systems",
  pages={557-566},
  year={2010},
  organization="ACM"
}

@ARTICLE{ng:global,
	AUTHOR = "Marie Ng and Tom Flemming and Margaret Robinson and Blake Thomson and Nicholas Graetz and Christopher Margono and  Erin C.Mullany and Stan Biryukov and Cristiana Abbafati and Semaw Ferede Abera",
	TITLE = "Global, regional, and national prevalence of overweight and obesity in children and adults during 1980--2013: a systematic analysis for the Global Burden of Disease Study 2013",
	JOURNAL = "The Lancet",
	VOLUME = {384},
	NUMBER = {9945},
	PAGES = {766-781},
	MONTH = "September",
	YEAR = {2014}	}

@ARTICLE{Oinas-kukkonen:psd,
	AUTHOR = "Harri Oinas-Kukkonen and Marja Harjumaa",
	TITLE = "Persuasive systems design: Key issues, process model, and system features",
	JOURNAL = "Communications of the Association for Information Systems",
	VOLUME = {24},
	NUMBER = {1},
	PAGES = "485-500",
	MONTH = "March",
	YEAR = {2009}	
	}

@ARTICLE{arsand:mobile,
	AUTHOR = "Eirik {\AA}rsand  and Naoe Tatara and Gunnar Hartvigsen  and others",
	TITLE = "Mobile phone-based self-management tools for type 2 diabetes: the few touch application",
	JOURNAL = "Journal of diabetes science and technology",
	VOLUME = {4},
	NUMBER = {2},
	PAGES = {328-336},
	MONTH = "March",
	YEAR = {2010}	}

@ARTICLE{abegunde:theburden,
	AUTHOR = "Dele O. Abegunde and Colin D. Mathers and Taghreed Adam and Monica Ortegon and Kathleen Strong",
	TITLE = "The burden and costs of chronic diseases in low-income and middle-income countries",
	JOURNAL = "The Lancet",
	VOLUME = {370},
	NUMBER = {960 Burton Baraga3},
	PAGES = {1929-1938},
	MONTH = "December",
	YEAR = {2007}	}

@ARTICLE{Oinas-Kukkonen:foundation,
	AUTHOR = "Harri Oinas-Kukkonen",
	TITLE = "A foundation for the study of behavior change support systems",
	JOURNAL = "Personal and ubiquitous computing",
	VOLUME = {17},
	NUMBER = {6},
	PAGES = {1223-1235},
	MONTH = "August",
	YEAR = {2013}	}


@ARTICLE{parikh2006,
	AUTHOR = "Parikh, JS and Ghosh, Kaushik",
	TITLE = "Understanding and designing for intermediated information tasks in India",
	JOURNAL = "Pervasive Computing, IEEE",
	VOLUME = {5},
	NUMBER = {2},
	PAGES = {32-39},
	MONTH = "April",
	YEAR = {2006}	}

@INPROCEEDINGS{sambasivan2010,
	AUTHOR = "Nithya Sambasivan and Ed Cutrell and Kentaro Toyama and Bonnie Nardi",
	TITLE = "Intermediated technology use in developing communities",
	BOOKTITLE = "Proceedings of the SIGCHI Conference on Human Factors in Computing Systems",
	PAGES = "2583-2592",
	ORGANIZATION = "ACM",
	MONTH = "April", 
	YEAR = {2010}	}

@INPROCEEDINGS{sukumaran2009intermediated,
	AUTHOR = "Abhay Sukumaran and Satyan Ramlal and Eyal Ophir and Vangala RamNaresh Kumar and Gaurav Mishra and Vanessa Evers and  Venkataraman Balaji and Clifford Nass",
	TITLE = "Intermediated technology interaction in rural contexts",
	BOOKTITLE = "CHI'09 Extended Abstracts on Human Factors in Computing Systems",
	PAGES = "3817-3822",
	ORGANIZATION = "ACM",
	MONTH = "April", 
	YEAR = {2009}	}

@ARTICLE{ferr2015:play,
	AUTHOR = "Pedro Ferreira",
	TITLE = "Why Play? Examining the Roles of Play in ICTD",
	JOURNAL = "Aarhus Series on Human Centered Computing",
	VOLUME = {1},
	NUMBER = {1},
	PAGES = {12},
	MONTH = "October",
	YEAR = {2015}	}

@ARTICLE{kaplan2006can,
	AUTHOR = "Warren A. Kaplan",
	TITLE = "Can the ubiquitous power of mobile phones be used to improve health outcomes in developing countries?",
	JOURNAL = "Globalization and health",
	VOLUME = {2},
	NUMBER = {1},
	PAGES = {1},
	MONTH = "May",
	YEAR = {2006}	}

@INPROCEEDINGS{hamari2013social,
	AUTHOR = "Juho Hamari and Jonna Koivisto",
	TITLE = "Social Motivations To Use Gamification: An Empirical Study Of Gamifying Exercise.",
	BOOKTITLE = "ECIS",
	PAGES = "105",
	ORGANIZATION = "",
	MONTH = "June", 
	YEAR = {2013}	}


@INCOLLECTION{hamari2014persuasive,
  AUTHOR="Juho Hamari and Jonna Koivisto and Tuomas Pakkanen",
  TITLE="Do persuasive technologies persuade?-a review of empirical studies",
  BOOKTITLE="Persuasive Technology",
  PAGES={118-136},
  MONTH = "May",
  YEAR={2014},
  PUBLISHER={Springer}
}

@INPROCEEDINGS{hamari2014does,
  TITLE="Does gamification work?--a literature review of empirical studies on gamification",
  AUTHOR="Juho Hamari and Jonna Koivisto and Harri Sarsa",
  BOOKTITLE="System Sciences (HICSS), 2014 47th Hawaii International Conference on",
  PAGES={3025-3034},
  ORGANIZATION={IEEE},
  MONTH = "January",
  YEAR={2014},

}

@INPROCEEDINGS{fogg1998persuasive,
	AUTHOR = "Brian J. Fogg",
	TITLE = "Persuasive computers: perspectives and research directions",
	BOOKTITLE = "Proceedings of the SIGCHI conference on Human factors in computing systems",
	PAGES = "225-232",
	ORGANIZATION = "ACM Press/Addison-Wesley Publishing Co.",
	MONTH = "January", 
	YEAR = {1998}	}

@INPROCEEDINGS{ramachandran2010research,
	AUTHOR = "Divya Ramachandran and Vivek Goswami and John Canny",
	TITLE = "Research and reality: using mobile messages to promote maternal health in rural India",
	BOOKTITLE = "Proceedings of the 4th ACM/IEEE International Conference on Information and Communication Technologies and Development",
	PAGES = "35",
	ORGANIZATION = "ACM",
	MONTH = "December", 
	YEAR = {2010}	}

@INPROCEEDINGS{ramachandran2010mobile,
	AUTHOR = "Divya Ramachandran and John Canny and Prabhu Dutta Das and Edward Cutrell",
	TITLE = "Mobile-izing health workers in rural India",
	BOOKTITLE = "Proceedings of the SIGCHI Conference on Human Factors in Computing Systems",
	PAGES = "1889-1898",
	ORGANIZATION = "ACM",
	MONTH = "April", 
	YEAR = {2010}	}

@INPROCEEDINGS{molapo2013software,
	AUTHOR = "Maletsabisa Molapo and Gary Marsden",
	TITLE = "Software support for creating digital health training materials in the field",
	BOOKTITLE = "Proceedings of the Sixth International Conference on Information and Communication Technologies and Development: Full Papers-Volume 1",
	PAGES = "205-214",
	ORGANIZATION = "ACM",
	MONTH = "December", 
	YEAR = {2013}	}

@ARTICLE{ali2009factors,
	AUTHOR = "Aus Tariq Ali and Nigel J. Crowther",
	TITLE = "Factors predisposing to obesity: a review of the literature",
	JOURNAL = "Journal of Endocrinology, Metabolism and Diabetes of South Africa",
	VOLUME = {14},
	NUMBER = {2},
	PAGES = {},
	MONTH = "",
	YEAR = {2009}	}

@ARTICLE{guh2009incidence,
	AUTHOR = "Daphne P. Guh and Wei Zhang and Nick Bansback and zubin Amarsi and C Laird Birmingham and Aslam H. Anis",
	TITLE = "The incidence of co-morbidities related to obesity and overweight: a systematic review and meta-analysis",
	JOURNAL = "BMC public health",
	VOLUME = {9},
	NUMBER = {1},
	PAGES = {1},
	MONTH = "March",
	YEAR = {2009}	}

@ARTICLE{cole2010text,
	AUTHOR = "Heather Cole-Lewis and Trace Kershaw",
	TITLE = "Text messaging as a tool for behavior change in disease prevention and management",
	JOURNAL = "Epidemiologic reviews",
	VOLUME = {9},
	NUMBER = {1},
	PAGES = {mxq004},
	MONTH = "",
	YEAR = {2010}	}


@INPROCEEDINGS{hsu2014persuasive,
	AUTHOR = "Anne Hsu and Jing Yang and Yigit Han Yilmaz and Md Sanaul Haque and Cengiz Can and  Ann E. Blandford",
	TITLE = "Persuasive technology for overcoming food cravings and improving snack choices",
	BOOKTITLE = "Proceedings of the SIGCHI Conference on Human Factors in Computing Systems",
	PAGES = "3403-3412",
	ORGANIZATION = "ACM",
	MONTH = "April", 
	YEAR = {2014}	}


@INPROCEEDINGS{langrial2012digital,
	AUTHOR = "Sitwat Langrial",
	TITLE = "From Digital Interventions to Behavior Change Support Systems: Understanding Persuasive Systems' Development and Evaluation Process",
	BOOKTITLE = "Proceedings of IRIS",
	PAGES = "1-16",
	ORGANIZATION = "",
	MONTH = "", 
	YEAR = {2012}	}


@INPROCEEDINGS{ramirez2013infomediaries,
	AUTHOR = "Ricardo Ram{\'\i}rez and Balaji Parthasarathy and Andrew Gordon",
	TITLE = "From infomediaries to infomediation at public access venues: Lessons from a 3-country study",
	BOOKTITLE = "Proceedings of the Sixth International Conference on Information and Communication Technologies and Development: Full Papers-Volume 1",
	PAGES = "124-132",
	ORGANIZATION = "ACM",
	MONTH = "December", 
	YEAR = {2013}	}


@INBOOK{ foggpersuasivebook,
AUTHOR    = "Brian J. Fogg", 
EDITOR    = {},
TITLE     = "Persuasive Technology: Using Computers to Change What We Think and Do.",
CHAPTER   = {5},
PAGES     = {89-120},
PUBLISHER = "Morgan Kaufmann",
YEAR      = {2003},
Volume    = {},
Series    = {},
Address   = {},
Edition   = {},
Month     = {},
Note      = {},
Key       = {}
}

@inproceedings{fogg2009:behavior,
  title="A behavior model for persuasive design",
  author="Brian J Fogg",
  booktitle="Proceedings of the 4th international Conference on Persuasive Technology",
  pages={40},
  year={2009},
  organization="ACM"
}



@ARTICLE{strecher1995goal,
	AUTHOR = "Victor J. Strecher and Gerard H. Seijts and Gerjo J. Kok and Gary P. Latham and Russell Glasgow and Brenda DeVellis and Ree M. Meertens and David W. Bulger",
	TITLE = "Goal setting as a strategy for health behavior change",
	JOURNAL = {Health Education \& Behavior},
	VOLUME = {22},
	NUMBER = {2},
	PAGES = {190-200},
	MONTH = "July",
	YEAR = {1995}	}

@INPROCEEDINGS{deterding2011game,
	AUTHOR = "Sebastian Deterding and Dan Dixon and Rilla Khaled and Lennart Nacke",
	TITLE = "From game design elements to gamefulness: defining gamification",
	BOOKTITLE = "Proceedings of the 15th International Academic MindTrek Conference: Envisioning Future Media Environments",
	PAGES = "9-15",@article{power2011obesity,
  title={Obesity, cardiovascular fitness, and physically active adolescentsâ€™ motivations for activity: A self-determination theory approach},
  author={Power, Thomas G and Ullrich-French, Sarah C and Steele, Michael M and Daratha, Kenn B and Bindler, Ruth C},
  journal={Psychology of Sport and Exercise},
  volume={12},
  number={6},
  pages={593--598},
  year={2011},
  publisher={Elsevier}
}

	ORGANIZATION = "ACM",
	MONTH = "September", 
	YEAR = {2011}	}

@ARTICLE{dinsa2012obesity,
	AUTHOR = "G D Dinsa and Y Goryakin and E Fumagalli and M Suhrcke",
	TITLE = "Obesity and socioeconomic status in developing countries: a systematic review",
	JOURNAL = "Obesity reviews",
	VOLUME = {13},
	NUMBER = {11},
	PAGES = {1067-1079},
	MONTH = "November",
	YEAR = {2012}	}

@ARTICLE{chatterjee2009healthy,
	AUTHOR = "Samir Chatterjee and Alan Price",
	TITLE = "Healthy living with persuasive technologies: framework, issues, and challenges",
	JOURNAL = "Journal of the American Medical Informatics Association",
	VOLUME = {16},
	NUMBER = {2},
	PAGES = {171-178},
	MONTH = "March",
	YEAR = {2009}	}

@techreport{Steyn2006,
	author = "K Steyn and J Fourie and N Temple",
	title = "Chronic Diseases of Lifestyle in South Africa: 1995-2005",
	year = {2006},
	institution = "Cape Town: South African Medical Research Council",
	pages = {33-47}
}
@inproceedings{Molapo2015,
 author = {Molapo, Maletsabisa and Densmore, Melissa},
 title = {How to Choose a Mobile Phone for an ICT4D Project},
 booktitle = {Proceedings of the Seventh International Conference on Information and Communication Technologies and Development},
 series = {ICTD '15},
 year = {2015},
 isbn = {978-1-4503-3163-0},
 location = {Singapore, Singapore},
 pages = {48:1--48:4},
 articleno = {48},
 numpages = {4},
 url = {http://doi.acm.org/10.1145/2737856.2737897},
 doi = {10.1145/2737856.2737897},
 acmid = {2737897},
 publisher = {ACM},
 address = {New York, NY, USA},
 keywords = {device selection, feature phone, mobile phone, smartphone},
} 


@inproceedings{Schwartz2013,
 author = {Schwartz, Ariel and Bhavsar, Mohini and Cutrell, Edward and Donner, Jonathan and Densmore, Melissa},
 title = {Balancing Burden and Benefit: Non-prescribed Use of Employer-issued Mobile Devices},
 booktitle = {Proceedings of the Sixth International Conference on Information and Communications Technologies and Development: Notes - Volume 2},
 series = {ICTD '13},
 year = {2013},
 isbn = {978-1-4503-1907-2},
 location = {Cape Town, South Africa},
 pages = {140-143},
 numpages = {4},
 url = {http://doi.acm.org/10.1145/2517899.2517911},
 doi = {10.1145/2517899.2517911},
 acmid = {2517911},
 publisher = {ACM},
 address = {New York, NY, USA},
 keywords = {ICT4D, development, enforcement, health, mobile device, negotiation, non-prescribed use, organizations, power, social sector},
} 

@inproceedings{medynskiy2010salud,
  title="Salud!: An open infrastructure for developing and deploying health self-management applications",
  author="Yevgeniy Medynskiy and Elizabeth Mynatt",
  booktitle="Pervasive Computing Technologies for Healthcare (PervasiveHealth), 2010 4th International Conference on",
  pages="1-8",
  year={2010},
  month="March",
  organization="IEEE"
}

@article{koivisto2014demographic,
  title="Demographic differences in perceived benefits from gamification",
  author="Jonna Koivisto and Juho Hamari",
  journal={Computers in Human Behavior},
  volume="35",
  pages="179-188",
  month="June",
  year={2014},
}

@article{v2014motivational,
  title={Motivational effects and age differences of gamification in product advertising},
  author={Jenny V. Bittner and Jeffrey Shipper},
  journal={Journal of consumer marketing},
  volume={31},
  number={5},
  pages={391-400},
  year={2014},
  month="August",
  publisher={Emerald Group Publishing Limited}
}







